@string {SoCC = {ACM Symposium on Cloud Computing (SoCC)}}
@string {PerCom = {International Conference on Pervasive Computing and Communications (PerCom)}}
@string {Middleware = {ACM/IFIP International Middleware Conference}}
@string {ASPLOS = {ACM International Conference on Architectural Support for Programming Languages and Operating Systems (ASPLOS)}}
@string {EuroSys = {ACM European Conference on Computer Systems (EuroSys)}}
@string {ATC = {{USENIX} Annual Technical Conference (ATC)}}
@string {WoSC = {International Workshop on Serverless Computing (WoSC)}}

@inproceedings{Jia:ASPLOS:2021:Nightcore,
  author    = {Zhipeng Jia and
               Emmett Witchel},
  title     = {Nightcore: {E}fficient and scalable serverless computing for latency-sensitive,
               interactive microservices},
  booktitle = ASPLOS,
  year      = {2021}
}

@inproceedings{Tariq:SOCC:2020:Sequoia,
  author    = {Ali Tariq and
               Austin Pahl and
               Sharat Nimmagadda and
               Eric Rozner and
               Siddharth Lanka},
  title     = {Sequoia: {E}nabling quality-of-service in serverless computing},
  booktitle = SoCC,
  year      = {2020}
}

@inproceedings{Tirmazi:EuroSys:2020:Borg,
  author    = {Muhammad Tirmazi and
               Adam Barker and
               Nan Deng and
               Md E. Haque and
               Zhijing Gene Qin and
               Steven Hand and
               Mor Harchol{-}Balter and
               John Wilkes},
  title     = {Borg: {T}he next generation},
  booktitle = EuroSys,
  year      = {2020}
}

@inproceedings{Wiesner:Middleware:2021:TemporalShifting,
  author    = {Philipp Wiesner and
               Ilja Behnke and
               Dominik Scheinert and
               Kain Kordian Gontarska and
               Lauritz Thamsen},
  title     = {Let's wait awhile: {H}ow temporal workload shifting can reduce carbon
               emissions in the cloud},
  booktitle = Middleware,
  year      = {2021}
}

@inproceedings{Wiesner:EuroPar:2022:Cucumber,
  author = {Wiesner, Philipp and Scheinert, Dominik and Wittkopp, Thorsten and Thamsen, Lauritz and Kao, Odej},
  booktitle = {International European Conference on Parallel and Distributed Computing (Euro-Par)}, 
  title = {Cucumber: {R}enewable-Aware Admission Control for Delay-Tolerant Cloud and Edge Workloads}, 
  year = {2022}
}


@inproceedings{Barker:PerCom:2012:SmartCap,
  author    = {Sean Barker and
               Aditya Kumar Mishra and
               David E. Irwin and
               Prashant J. Shenoy and
               Jeannie R. Albrecht},
  title     = {SmartCap: {F}lattening peak electricity demand in smart homes},
  booktitle = PerCom,
  year      = {2012}
}

@article{Bilal:CoRR:2021:GreatFreedom,
  author    = {Muhammad Bilal and
               Marco Canini and
               Rodrigo Fonseca and
               Rodrigo Rodrigues},
  title     = {With Great Freedom Comes Great Opportunity: {R}ethinking Resource Allocation
               for Serverless Functions},
  journal   = {CoRR},
  volume    = {abs/2105.14845},
  year      = {2021}
}

@inproceedings{Romero:SoCC:2021:FaaST,
  author    = {Francisco Romero and
               Gohar Irfan Chaudhry and
               I{\~{n}}igo Goiri and
               Pragna Gopa and
               Paul Batum and
               Neeraja J. Yadwadkar and
               Rodrigo Fonseca and
               Christos Kozyrakis and
               Ricardo Bianchini},
  title     = {Faa{\textdollar}T: {A} Transparent Auto-Scaling Cache for Serverless
               Applications},
  booktitle = SoCC,
  year      = {2021}
}

@article{Eismann:Software:2021:Why,
  author    = {Simon Eismann and
               Joel Scheuner and
               Erwin Van Eyk and
               Maximilian Schwinger and
               Johannes Grohmann and
               Nikolas Herbst and
               Cristina L. Abad and
               Alexandru Iosup},
  title     = {Serverless Applications: Why, When, and How?},
  journal   = {{IEEE} Softw.},
  volume    = {38},
  number    = {1},
  year      = {2021}
}

@article{Eismann:TSE:2021:CommunityConsensus,
  author    = {Eismann, Simon and
               Scheuner, Joel and
               Van Eyk, Erwin and
               Schwinger, Maximilian and
               Grohmann, Johannes and
               Herbst, Nikolas and
               Abad, Cristina and
               Iosup, Alexandru},
  title     = {The State of Serverless Applications: Collection, Characterization, and Community Consensus},
  journal   = {IEEE Transactions on Software Engineering},
  year      = {2021},
  volume    = {},
  number    = {}
}

@inproceedings{Shahrad:ATC:2020:ServerlessInTheWild,
  author    = {Mohammad Shahrad and
               Rodrigo Fonseca and
               Inigo Goiri and
               Gohar Chaudhry and
               Paul Batum and
               Jason Cooke and
               Eduardo Laureano and
               Colby Tresness and
               Mark Russinovich and
               Ricardo Bianchini},
  title     = {Serverless in the Wild: {C}haracterizing and Optimizing the Serverless
               Workload at a Large Cloud Provider},
  booktitle = ATC,
  year      = {2020}
}

@article{Gusella:JSAC:1991:Characterizing,
  title     = {Characterizing the variability of arrival processes with indexes of dispersion},
  author    = {Gusella, Riccardo},
  journal   = {IEEE Journal on Selected Areas in Communications},
  volume    = {9},
  number    = {2},
  year      = {1991}
}

@inproceedings{Jagerman:CISS:1994:Burstiness,
  title     = {Burstiness descriptors of traffic streams: Indices of dispersion and peakedness},
  author    = {Jagerman, David L and Melamed, BENJAMIN},
  booktitle = {Proceedings of the Conference on Information Sciences and Systems},
  year      = {1994}
}

@dataset{Eismann:zenodo:2021:dataset,
  author       = {Simon Eismann and
                  Joel Scheuner and
                  Erwin van Eyk and
                  Maximilian Schwinger and
                  Johannes Grohmann and
                  NIkolas Herbst and
                  Cristina Abad},
  title        = {{The State of Serverless Applications: 
                   {C}ollection, Characterization, and Community
                   Consensus - Replication Package}},
  month        = aug,
  year         = 2021,
  publisher    = {Zenodo},
  doi          = {10.5281/zenodo.5185055},
  url          = {https://doi.org/10.5281/zenodo.5185055}
}

@misc{Eastbury:2022:Azure:AsyncPattern,
  title     = {Cloud Design Patterns: {A}synchronous Request-Reply pattern},
  author    = {William Eastbury and others},
  year      = 2022,
  url       = {https://docs.microsoft.com/en-us/azure/architecture/patterns/async-request-reply}
}

@inproceedings{Qiu:WOSC:2021:LatencyCritical,
    author = {Qiu, Haoran and Jha, Saurabh and Banerjee, Subho S. and Patke, Archit and Wang, Chen and Hubertus, Franke and Kalbarczyk, Zbigniew T. and Iyer, Ravishankar K.},
    title = {Is {F}unction-as-a-{S}ervice a Good Fit for Latency-Critical Services?},
    year = {2021},
    booktitle = WoSC
}

@inproceedings{Versluis:HotCloudPerf:2022:TaskFlow,
  author    = {Laurens Versluis and
              Alexandru Iosup},
  title     = {Task{F}low: {A}n Energy- and Makespan-Aware Task Placement Policy for Workflow Scheduling through Delay Management},
  booktitle = {{ACM/SPEC} International Conference on Performance Engineering (ICPE), Companion Volume},
  year      = {2022}
}

@inproceedings{Chase:HPDC:2003:COD,
    author = {Chase, J. and Irwin, D. and Grit, L. and Moore, J. and Sprenkle, S.},
    booktitle = {IEEE International Symposium on High Performance Distributed Computing (HPDC)},
    title = {Dynamic virtual clusters in a grid site manager},
    year={2003}
}

@inproceedings {Lee:HotCloud:2011:Heterogeneity-Aware,
    author = {Gunho Lee and Randy Katz},
    title = {{Heterogeneity-Aware} Resource Allocation and Scheduling in the Cloud},
    booktitle = {USENIX Workshop on Hot Topics in Cloud Computing (HotCloud)},
    year = {2011}
}

@inproceedings {Delimitrou:ICAC:2013:ARQ,
    author = {Christina Delimitrou and Nick Bambos and Christos Kozyrakis},
    title = {{QoS-Aware} Admission Control in Heterogeneous Datacenters},
    booktitle = {International Conference on Autonomic Computing (ICAC)},
    year = {2013}
}

@inproceedings{Singhvi:SoCC:2021:Atoll,
    author = {Singhvi, Arjun and Balasubramanian, Arjun and Houck, Kevin and Shaikh, Mohammed Danish and Venkataraman, Shivaram and Akella, Aditya},
    title = {Atoll: {A} Scalable Low-Latency Serverless Platform},
    year = {2021},
    booktitle = SoCC,
}

@inproceedings{Hunhoff:WoSC:2020:freshen,
    author = {Hunhoff, Erika and Irshad, Shazal and Thurimella, Vijay and Tariq, Ali and Rozner, Eric},
    title = {Proactive Serverless Function Resource Management},
    year = {2020},
    booktitle = WoSC,
}

@inproceedings {Oakes:ATC:2018:SOCK,
    author = {Edward Oakes and Leon Yang and Dennis Zhou and Kevin Houck and Tyler Harter and Andrea Arpaci-Dusseau and Remzi Arpaci-Dusseau},
    title = {{SOCK}: {R}apid Task Provisioning with {Serverless-Optimized} Containers},
    booktitle = ATC,
    year = {2018},
    month = jul,
}

@inproceedings{Kaffes:SoCC:2019:Core-Granular,
    author = {Kaffes, Kostis and Yadwadkar, Neeraja J. and Kozyrakis, Christos},
    title = {Centralized Core-Granular Scheduling for Serverless Functions},
    year = {2019},
    booktitle = SoCC
}

@inproceedings{Nguyen:WoSC:2019:Real-Time,
    author = {Nguyen, Hai Duc and Zhang, Chaojie and Xiao, Zhujun and Chien, Andrew},
    title = {Real-Time Serverless: {E}nabling Application Performance Guarantees},
    year = {2019},
    booktitle = WoSC
}

@inproceedings{Fuerst:2022:CH-RLU,
    author = {Fuerst, Alexander and Sharma, Prateek},
    title = {Locality-Aware Load-Balancing For Serverless Clusters},
    year = {2022},
    booktitle = {International Symposium on High-Performance Parallel and Distributed Computing (HPDC)}
}

@inproceedings{Abdi:2023:EuroSys:Palette,
author = {Abdi, Mania and Ginzburg, Sam and Lin, Charles and Faleiro, Jose M and Goiri, I\~{n}igo and Chaudhry, Gohar Irfan and Bianchini, Ricardo and Berger, Daniel S. and Fonseca, Rodrigo},
title = {Palette Load Balancing: {L}ocality Hints for Serverless Functions},
booktitle = {Proceedings of the 18th European Conference on Computer Systems (EuroSys)},
year = {2023}
}

