@article{dahlin2000interpreting,
  title={{Interpreting stale load information}},
  author={Dahlin, Michael},
  journal={IEEE Transactions on parallel and distributed systems},
  volume={11},
  number={10},
  pages={1033--1047},
  year={2000},
  publisher={IEEE}
}

@inproceedings{chrj-aaai21,
  title={{Revisiting Consistent Hashing with Bounded Loads}},
  author={Chen, John and Coleman, Benjamin and Shrivastava, Anshumali},
  booktitle={Proceedings of the AAAI Conference on Artificial Intelligence},
  volume={35},
  number={5},
  pages={3976--3983},
  year={2021}
}

@inproceedings{kaffes2019centralized,
  title={{Centralized core-granular scheduling for serverless functions}},
  author={Kaffes, Kostis and Yadwadkar, Neeraja J and Kozyrakis, Christos},
  booktitle={Proceedings of the ACM Symposium on Cloud Computing},
  pages={158--164},
  year={2019}
}

@inproceedings{suresh2019fnsched,
  title={{Fnsched: An efficient scheduler for serverless functions}},
  author={Suresh, Amoghvarsha and Gandhi, Anshul},
  booktitle={Proceedings of the 5th International Workshop on Serverless Computing},
  pages={19--24},
  year={2019}
}

@inproceedings{gunasekaran2020fifer,
  title={{Fifer: Tackling resource underutilization in the serverless era}},
  author={Gunasekaran, Jashwant Raj and Thinakaran, Prashanth and Nachiappan, Nachiappan C and Kandemir, Mahmut Taylan and Das, Chita R},
  booktitle={Proceedings of the 21st International Middleware Conference},
  pages={280--295},
  year={2020}
}

@article{wu2022container,
  title={{Container lifecycle-aware scheduling for serverless computing}},
  author={Wu, Song and Tao, Zhiheng and Fan, Hao and Huang, Zhuo and Zhang, Xinmin and Jin, Hai and Yu, Chen and Cao, Chun},
  journal={Software: Practice and Experience},
  volume={52},
  number={2},
  pages={337--352},
  year={2022},
  publisher={Wiley Online Library}
}

@inproceedings{zhao2021understanding,
  title={{Understanding, predicting and scheduling serverless workloads under partial interference}},
  author={Zhao, Laiping and Yang, Yanan and Li, Yiming and Zhou, Xian and Li, Keqiu},
  booktitle={Proceedings of the International Conference for High Performance Computing, Networking, Storage and Analysis},
  pages={1--15},
  year={2021}
}

@inproceedings{yan2020hermes,
  title={{Hermes: Efficient Cache Management for Container-based Serverless Computing}},
  author={Yan, Bowen and Gao, Heran and Wu, Heng and Zhang, Wenbo and Hua, Lei and Huang, Tao},
  booktitle={12th Asia-Pacific Symposium on Internetware},
  pages={136--145},
  year={2020}
}

@inproceedings{yu2021faasrank,
  title={{FaaSRank: Learning to Schedule Functions in Serverless Platforms}},
  author={Yu, Hanfei and Irissappane, Athirai A and Wang, Hao and Lloyd, Wes J},
  booktitle={2021 IEEE International Conference on Autonomic Computing and Self-Organizing Systems (ACSOS)},
  pages={31--40},
  year={2021},
  organization={IEEE}
}

@article{gupta2007analysis,
  title={{Analysis of join-the-shortest-queue routing for web server farms}},
  author={Gupta, Varun and Balter, Mor Harchol and Sigman, Karl and Whitt, Ward},
  journal={Performance Evaluation},
  volume={64},
  number={9-12},
  pages={1062--1081},
  year={2007},
  publisher={Elsevier}
}

@article{hyytia2012size,
  title={{Size-and state-aware dispatching problem with queue-specific job sizes}},
  author={Hyyti{\"a}, Esa and Penttinen, Aleksi and Aalto, Samuli},
  journal={European Journal of Operational Research},
  volume={217},
  number={2},
  pages={357--370},
  year={2012},
  publisher={Elsevier}
}

@article{scully2022bounding,
  title={{Bounding Mean Slowdown in Multiserver Systems}},
  author={Scully, Ziv},
  journal={ACM SIGMETRICS Performance Evaluation Review},
  volume={49},
  number={2},
  pages={36--38},
  year={2022},
  publisher={ACM New York, NY, USA}
}

@article{karger1999web,
  title={{Web caching with consistent hashing}},
  author={Karger, David and Sherman, Alex and Berkheimer, Andy and Bogstad, Bill and Dhanidina, Rizwan and Iwamoto, Ken and Kim, Brian and Matkins, Luke and Yerushalmi, Yoav},
  journal={Computer Networks},
  volume={31},
  number={11-16},
  pages={1203--1213},
  year={1999},
  publisher={Elsevier}
}

@inproceedings{karger1997consistent,
  title={{Consistent hashing and random trees: Distributed caching protocols for relieving hot spots on the world wide web}},
  author={Karger, David and Lehman, Eric and Leighton, Tom and Panigrahy, Rina and Levine, Matthew and Lewin, Daniel},
  booktitle={Proceedings of the twenty-ninth annual ACM symposium on Theory of computing},
  pages={654--663},
  year={1997}
}

@article{cardellini1999dynamic,
  title={{Dynamic load balancing on web-server systems}},
  author={Cardellini, Valeria and Colajanni, Michele and Yu, Philip S},
  journal={IEEE Internet computing},
  volume={3},
  number={3},
  pages={28--39},
  year={1999},
  publisher={IEEE}
}

@article{gilly2011up,
  title={{An up-to-date survey in web load balancing}},
  author={Gilly, Katja and Juiz, Carlos and Puigjaner, Ramon},
  journal={World Wide Web},
  volume={14},
  number={2},
  pages={105--131},
  year={2011},
  publisher={Springer}
}

@article{nygren2010akamai,
  title={{The akamai network: a platform for high-performance internet applications}},
  author={Nygren, Erik and Sitaraman, Ramesh K and Sun, Jennifer},
  journal={ACM SIGOPS Operating Systems Review},
  volume={44},
  number={3},
  pages={2--19},
  year={2010},
  publisher={ACM New York, NY, USA}
}

@inproceedings{gandhi2015halo,
  title={{HALO: heterogeneity-aware load balancing}},
  author={Gandhi, Anshul and Zhang, Xi and Mittal, Naman},
  booktitle={2015 IEEE 23rd International Symposium on Modeling, Analysis, and Simulation of Computer and Telecommunication Systems},
  pages={242--251},
  year={2015},
  organization={IEEE}
}

@article{decandia2007dynamo,
  title={{Dynamo: Amazon's highly available key-value store}},
  author={DeCandia, Giuseppe and Hastorun, Deniz and Jampani, Madan and Kakulapati, Gunavardhan and Lakshman, Avinash and Pilchin, Alex and Sivasubramanian, Swaminathan and Vosshall, Peter and Vogels, Werner},
  journal={ACM SIGOPS operating systems review},
  volume={41},
  number={6},
  pages={205--220},
  year={2007},
  publisher={ACM New York, NY, USA}
}

